<?xml version="1.0" encoding="UTF-8"?><collection xmlns="http://www.loc.gov/MARC21/slim"><record><leader>00449nam--2200169-u-4500</leader><controlfield tag="001">000056917</controlfield><controlfield tag="002">20200915</controlfield><controlfield tag="005">20200915043830</controlfield><controlfield tag="008">200915s1000------------r-----000-0-eng-d</controlfield><datafield ind1=" " ind2=" " tag="040"><subfield code="a">IFIN-HH</subfield></datafield><datafield ind1=" " ind2=" " tag="041"><subfield code="a">eng</subfield></datafield><datafield ind1="1" ind2=" " tag="100"><subfield code="a">Schuller, Frederic</subfield></datafield><datafield ind1="1" ind2="0" tag="245"><subfield code="a">An Intoduction to Quantum Fields and Particles</subfield><subfield code="c">Frederic Schuller</subfield></datafield><datafield ind1=" " ind2=" " tag="300"><subfield code="a">106 p</subfield></datafield><datafield ind1=" " ind2=" " tag="500"><subfield code="a">Donatie Acad. Nicolae Victor Zamfir</subfield></datafield><datafield ind1=" " ind2=" " tag="852"><subfield code="a">82851</subfield><subfield code="c">NVZ</subfield></datafield><datafield ind1=" " ind2=" " tag="CAT"><subfield code="a">SYS</subfield><subfield code="c">20200915</subfield><subfield code="h">043830</subfield></datafield></record></collection>